% Encoding: UTF-8

@WWW{CoreJT2019,
  author = {CoreJT},
  title  = {{\LaTeX}论文排版 | (15) {\LaTeX}中的参考文献{Bib\LaTeX}},
  date   = {2019-09-26},
  url    = {https://blog.csdn.net/sdu_hao/article/details/101429993},
}

@WWW{registor20190923,
  author = {registor},
  title  = {目录、交叉引用、参考文献中的多次编译问题},
  date   = {2019-09-23},
  url    = {https://wenda.latexstudio.net/article-5033.html},
}

@WWW{阿智智20160104,
  author = {阿智智},
  title  = {一个简单的、基本的、完整的使用{Bib\LaTeX}包的例子},
  date   = {2016-01-04},
  url    = {https://blog.csdn.net/RobertChenGuangzhi/article/details/50457038},
}

@WWW{LaTeX工作室2016,
  author    = {\LaTeX{}工作室},
  title     = {{\LaTeX}技巧853:符合GB/T7714-2015标准{Bib\LaTeX}参考文献样式文件},
  date      = {2016-07-09},
  url       = {https://www.latexstudio.net/archives/6888.html},
  relevance = {https://gitee.com/hushidong/biblatex-gb7714-2015},
}

@Book{胡伟2013LATEX,
  author    = {胡伟},
  title     = {{\LaTeXe}完全学习手册.第2版},
  publisher = {清华大学出版社},
  address   = {北京},
  file      = {:/media/sdb6/TeX/latex2e完全学习手册_胡伟/LaTeX2e完全学习手册_第二版_胡伟.pdf:PDF},
  year      = {2013},
}

@Manual{biblatexmanual20191201,
  author    = {Philip Kime and Moritz Wemheuer and Philipp Lehman},
  title     = {The {Bib\LaTeX} Package},
  date      = {2019-12-01},
  subtitle  = {Programmable Bibliographies and Citations},
  url       = {http://mirrors.ctan.org/macros/latex/contrib/biblatex/doc/biblatex.pdf},
  file      = {:/media/sdb6/TeX/bibliography/biblatex20191201.pdf:PDF},
  relevance = {http://mirrors.ctan.org/macros/latex/contrib/biblatex/README},
}

@WWW{cskywit20190131,
  author = {cskywit},
  title  = {【{\LaTeX}学习笔记14】{\LaTeX}中的参考文献{Bib\LaTeX}},
  date   = {2019-01-31},
  url    = {https://blog.csdn.net/cskywit/article/details/86727860},
}

@WWW{cmpbartman202003,
  author = {CMP and Bartman},
  title  = {How to customize the bib items with {Bib\LaTeX}?},
  date   = {2020-03-11},
  url    = {https://latex.org/forum/viewtopic.php?f=50&t=33479},
}

@WWW{sk2020,
  author   = {Siarhei Khirevich},
  title    = {{Bib\LaTeX} customization},
  date     = {2020-07-28},
  url      = {http://www.khirevich.com/latex/biblatex/},
  subtitle = {Tips on Writing a Thesis in \LaTeX{}},
}

@WWW{registor20200102,
  author = {registor and 青莲剑仙},
  title  = {{\BibTeX}和{Bib\LaTeX}的区别？},
  date   = {2020-01-02},
  url    = {https://wenda.latexstudio.net/q-1629.html},
}

@WWW{juliosun2017,
  author = {juliosun},
  title  = {Guidelines for customizing {Bib\LaTeX} styles [转]},
  date   = {2017-12-01},
  url    = {https://blog.csdn.net/colddie/article/details/78682754},
}

@WWW{uK20110209,
  author = {user2478 and Kit},
  title  = {Suppress “In:” {Bib\LaTeX}},
  date   = {2011-02-09},
  url    = {https://tex.stackexchange.com/questions/10682/suppress-in-biblatex},
}

@WWW{og20200728,
  author = {Overleaf guides},
  title  = {Bibliography management with {Bib\LaTeX}},
  date   = {2020-07-28},
  url    = {https://www.overleaf.com/learn/latex/Bibliography_management_in_LaTeX},
}

@WWW{HuShidong20200726,
  author    = {胡振震},
  title     = {{Bib\LaTeX} style for gb/t7714-2015},
  date      = {2020-07-26},
  url       = {https://github.com/hushidong/biblatex-gb7714-2015},
  relevance = {https://gitee.com/hushidong/biblatex-gb7714-2015},
}

@WWW{vanabel20150422,
  author = {vanabel},
  title  = {{Bib\LaTeX}参考文献（{Biber}引擎）用法举例},
  date   = {2015-04-22},
  url    = {https://lttt.vanabel.cn/2015/04/22/biblatex参考文献（biber引擎）用法举例.html},
}

@WWW{huzhengzheng20200602,
  author = {胡振震},
  title  = {{\LaTeX}文档中文参考文献的{Bib\LaTeX}解决方案},
  date   = {2020-06-02},
  url    = {https://github.com/hushidong/biblatex-solution-to-latex-bibliography},
  file   = {:/media/sdb6/TeX/bibliography/biblatex-solution-to-latex-bibliography-master/biblatex-solution-to-latex-bibliography.pdf:PDF},
}

@WWW{hu_shidong2019,
  author = {hu{\_}shidong},
  title  = {{Bib\LaTeX}宏包使用后端bibtex和biber的区别},
  date   = {2019-02-24},
  url    = {https://blog.csdn.net/xenonhu/article/details/87899868},
}

@WWW{chikilyyongfeng2019,
  author = {chikily{\_}yongfeng},
  title  = {{\LaTeX}自定义参考文献格式（配置 bst）},
  date   = {2019-01-19},
  url    = {https://blog.csdn.net/chikily_yongfeng/article/details/86553359},
}

@Book{mittelbach2004latex,
  author    = {Mittelbach, Frank and Goossens, Michel and Braams, Johannes and Carlisle, David and Rowley, Chris},
  title     = {The {\LaTeX} companion},
  date      = {2005-09-01},
  edition   = {2},
  publisher = {Addison-Wesley Professional},
  isbn      = {0-201-36299-6},
  year      = {2004},
}

@WWW{zalois20200424,
  author = {zalois@126.com},
  title  = {Jabref和Zotero使用笔记},
  date   = {2020-04-24},
  url    = {https://github.com/zalois/note4JabrefandZotero},
}

@Comment{jabref-meta: databaseType:biblatex;}
